@inproceedings{topicmodels,
  title={Knowledge-based Word Sense Disambiguation using Topic Models},
  author={Devendra Singh Chaplot and Ruslan Salakhutdinov},
  booktitle={AAAI},
  year={2018}
}

@article{randomwalks,
author = {Agirre, Eneko and LÃ³pez de Lacalle, Oier and Soroa, Aitor},
title = {Random Walks for Knowledge-Based Word Sense Disambiguation},
journal = {Computational Linguistics},
volume = {40},
number = {1},
pages = {57-84},
year = {2014},
doi = {10.1162/COLI\_a\_00164},
URL = {https://doi.org/10.1162/COLI_a_00164}
}

@article{babelfy,
  author = 	"Moro, Andrea
		and Raganato, Alessandro
		and Navigli, Roberto",
  title = 	"Entity Linking meets Word Sense Disambiguation: a Unified Approach",
  journal = 	"Transactions of the Association for Computational Linguistics",
  year = 	"2014",
  volume = 	"2",
  pages = 	"231--244",
  url = 	"http://aclweb.org/anthology/Q14-1019"
}

@inproceedings{embeddingsforWSD,
  author = 	"Iacobacci, Ignacio
		and Pilehvar, Mohammad Taher
		and Navigli, Roberto",
  title = 	"Embeddings for Word Sense Disambiguation: An Evaluation Study",
  booktitle = 	"Proceedings of the 54th Annual Meeting of the Association for      Computational Linguistics (Volume 1: Long Papers)    ",
  year = 	"2016",
  publisher = 	"Association for Computational Linguistics",
  pages = 	"897--907",
  location = 	"Berlin, Germany",
  doi = 	"10.18653/v1/P16-1085",
  url = 	"http://aclweb.org/anthology/P16-1085"
}

@inproceedings{itmakessense,
  author = 	"Zhong, Zhi
		and Ng, Hwee Tou",
  title = 	"It Makes Sense: A Wide-Coverage Word Sense Disambiguation System for Free Text",
  booktitle = 	"Proceedings of the ACL 2010 System Demonstrations",
  year = 	"2010",
  publisher = 	"Association for Computational Linguistics",
  pages = 	"78--83",
  location = 	"Uppsala, Sweden",
  url = 	"http://aclweb.org/anthology/P10-4014"
}

@inproceedings{SVMtoWSD,
 author = {Lee, Yoong Keok and Ng, Hwee Tou},
 title = {An Empirical Evaluation of Knowledge Sources and Learning Algorithms for Word Sense Disambiguation},
 booktitle = {Proceedings of the ACL-02 Conference on Empirical Methods in Natural Language Processing - Volume 10},
 series = {EMNLP '02},
 year = {2002},
 pages = {41--48},
 numpages = {8},
 url = {https://doi.org/10.3115/1118693.1118699},
 doi = {10.3115/1118693.1118699},
 acmid = {1118699},
 publisher = {Association for Computational Linguistics},
 address = {Stroudsburg, PA, USA},
}

@inproceedings{glosses,
  author = 	"Luo, Fuli
		and Liu, Tianyu
		and Xia, Qiaolin
		and Chang, Baobao
		and Sui, Zhifang",
  title = 	"Incorporating Glosses into Neural Word Sense Disambiguation",
  booktitle = 	"Proceedings of the 56th Annual Meeting of the Association for Computational Linguistics (Volume 1: Long Papers)",
  year = 	"2018",
  publisher = 	"Association for Computational Linguistics",
  pages = 	"2473--2482",
  location = 	"Melbourne, Australia",
  url = 	"http://aclweb.org/anthology/P18-1230"
}

@inproceedings{deepcontext,
  author = 	"Peters, Matthew
		and Neumann, Mark
		and Iyyer, Mohit
		and Gardner, Matt
		and Clark, Christopher
		and Lee, Kenton
		and Zettlemoyer, Luke",
  title = 	"Deep Contextualized Word Representations",
  booktitle = 	"Proceedings of the 2018 Conference of the North American Chapter of the      Association for Computational Linguistics: Human Language Technologies,      Volume 1 (Long Papers)    ",
  year = 	"2018",
  publisher = 	"Association for Computational Linguistics",
  pages = 	"2227--2237",
  location = 	"New Orleans, Louisiana",
  doi = 	"10.18653/v1/N18-1202",
  url = 	"http://aclweb.org/anthology/N18-1202"
}

@article{babelnet,
 author = {Roberto Navigli and Simone Paolo Ponzetto},
 title =   {{B}abel{N}et: {T}he Automatic Construction, Evaluation and Application of a Wide-Coverage Multilingual Semantic Network},
 journal = {Artificial Intelligence},
 year =    {2012},
 volume = {193},
 pages = {217-250}
}

@inproceedings{wordnet,
  title = 	"WordNet",
  year = 	"2010",
  publisher = "Princeton University",
  url = 	"https://wordnet.princeton.edu"
}

@inproceedings{context2vec,
  author = 	"Melamud, Oren
		and Goldberger, Jacob
		and Dagan, Ido",
  title = 	"context2vec: Learning Generic Context Embedding with Bidirectional LSTM",
  booktitle = 	"Proceedings of The 20th SIGNLL Conference on Computational Natural      Language Learning    ",
  year = 	"2016",
  publisher = 	"Association for Computational Linguistics",
  pages = 	"51--61",
  location = 	"Berlin, Germany",
  doi = 	"10.18653/v1/K16-1006",
  url = 	"http://aclweb.org/anthology/K16-1006"
}

@inproceedings{neuralseqmodelingforWSD,
  author = 	"Raganato, Alessandro
		and Delli Bovi, Claudio
		and Navigli, Roberto",
  title = 	"Neural Sequence Learning Models for Word Sense Disambiguation",
  booktitle = 	"Proceedings of the 2017 Conference on Empirical Methods in Natural      Language Processing    ",
  year = 	"2017",
  publisher = 	"Association for Computational Linguistics",
  pages = 	"1156--1167",
  location = 	"Copenhagen, Denmark",
  doi = 	"10.18653/v1/D17-1120",
  url = 	"http://aclweb.org/anthology/D17-1120"
}

@inproceedings{evalmfs,
  author = 	"Raganato, Alessandro
		and Camacho-Collados, Jose
		and Navigli, Roberto",
  title = 	"Word Sense Disambiguation: A Unified Evaluation Framework and Empirical Comparison",
  booktitle = 	"Proceedings of the 15th Conference of the European Chapter of the Association for Computational Linguistics: Volume 1, Long Papers",
  year = 	"2017",
  publisher = 	"Association for Computational Linguistics",
  pages = 	"99--110",
  location = 	"Valencia, Spain",
  url = 	"http://aclweb.org/anthology/E17-1010"
}

@article{semcor,
author = {Mihalcea, Rada},
year = {1998},
month = {11},
pages = {},
title = {SEMCOR Semantically tagged corpus}
}

@article{LSA,
    author = {Scott Deerwester and Susan T. Dumais and George W. Furnas and Thomas K. Landauer and Richard Harshman},
    title = {Indexing by latent semantic analysis},
    journal = {JOURNAL OF THE AMERICAN SOCIETY FOR INFORMATION SCIENCE},
    year = {1990},
    volume = {41},
    number = {6},
    pages = {391--407}
}

@article{word2vec,
  added-at = {2013-10-23T23:02:12.000+0200},
  author = {Mikolov, Tomas and Chen, Kai and Corrado, Greg and Dean, Jeffrey},
  biburl = {https://www.bibsonomy.org/bibtex/29665b85e8756834ac29fcbd2c6ad0837/wool},
  ee = {http://arxiv.org/abs/1301.3781},
  interhash = {e92df552b17e9f952226a893b84ad739},
  intrahash = {9665b85e8756834ac29fcbd2c6ad0837},
  journal = {CoRR},
  keywords = {nlp},
  timestamp = {2013-10-23T23:02:12.000+0200},
  title = {Efficient Estimation of Word Representations in Vector Space},
  url = {http://dblp.uni-trier.de/db/journals/corr/corr1301.html#abs-1301-3781},
  volume = {abs/1301.3781},
  year = 2013
}

@inproceedings{GloVe,
    author = {Jeffrey Pennington and Richard Socher and Christopher D. Manning},
    title = {Glove: Global vectors for word representation},
    booktitle = {In EMNLP},
    year = {2014}
}

@article{fastText,
  title={Enriching Word Vectors with Subword Information},
  author={Bojanowski, Piotr and Grave, Edouard and Joulin, Armand and Mikolov, Tomas},
  journal={arXiv preprint arXiv:1607.04606},
  year={2016}
}

@inproceedings{Levy2014NWE,
 author = {Levy, Omer and Goldberg, Yoav},
 title = {Neural Word Embedding As Implicit Matrix Factorization},
 booktitle = {Proceedings of the 27th International Conference on Neural Information Processing Systems - Volume 2},
 series = {NIPS'14},
 year = {2014},
 location = {Montreal, Canada},
 pages = {2177--2185},
 numpages = {9},
 url = {http://dl.acm.org/citation.cfm?id=2969033.2969070},
 acmid = {2969070},
 publisher = {MIT Press},
 address = {Cambridge, MA, USA}
}

@article{Globerson2007EEC,
 author = {Globerson, Amir and Chechik, Gal and Pereira, Fernando and Tishby, Naftali},
 title = {Euclidean Embedding of Co-occurrence Data},
 journal = {J. Mach. Learn. Res.},
 issue_date = {12/1/2007},
 volume = {8},
 month = dec,
 year = {2007},
 issn = {1532-4435},
 pages = {2265--2295},
 numpages = {31},
 url = {http://dl.acm.org/citation.cfm?id=1314498.1314572},
 acmid = {1314572},
 publisher = {JMLR.org},
}

@inproceedings{parsingGrammars,
  author = 	"Socher, Richard
		and Bauer, John
		and Manning, Christopher D.
		and Andrew Y., Ng",
  title = 	"Parsing with Compositional Vector Grammars",
  booktitle = 	"Proceedings of the 51st Annual Meeting of the Association for Computational Linguistics (Volume 1: Long Papers)",
  year = 	"2013",
  publisher = 	"Association for Computational Linguistics",
  pages = 	"455--465",
  location = 	"Sofia, Bulgaria",
  url = 	"http://aclweb.org/anthology/P13-1045"
}

@inproceedings{sentimentAnalysis,
  author = 	"Socher, Richard
		and Perelygin, Alex
		and Wu, Jean
		and Chuang, Jason
		and Manning, Christopher D.
		and Ng, Andrew
		and Potts, Christopher",
  title = 	"Recursive Deep Models for Semantic Compositionality Over a Sentiment Treebank",
  booktitle = 	"Proceedings of the 2013 Conference on Empirical Methods in Natural Language Processing",
  year = 	"2013",
  publisher = 	"Association for Computational Linguistics",
  pages = 	"1631--1642",
  location = 	"Seattle, Washington, USA",
  url = 	"http://aclweb.org/anthology/D13-1170"
}

@article{tiwari2018deep,
  title={A Deep Learning Approach to Recognizing Bees in Video Analysis of Bee Traffic},
  author={Tiwari, Astha},
  year={2018}
}


@inproceedings{szymanski2012self,
  title={Self organizing maps for visualization of categories},
  author={Szyma{\'n}ski, Julian and Duch, W{\l}odzis{\l}aw},
  booktitle={International Conference on Neural Information Processing},
  pages={160--167},
  year={2012},
  organization={Springer}
}

@book{scholkopf2001learning,
  title={Learning with kernels: support vector machines, regularization, optimization, and beyond},
  author={Scholkopf, Bernhard and Smola, Alexander J},
  year={2001},
  publisher={MIT press}
}

@article{porwik2004haar,
  title={The Haar-wavelet transform in digital image processing: its status and achievements},
  author={Porwik, Piotr and Lisowska, Agnieszka},
  journal={Machine graphics and vision},
  volume={13},
  number={1/2},
  pages={79--98},
  year={2004},
  publisher={Institute of Computer Science}
}

@article{bradbury2000linear,
  title={Linear predictive coding},
  author={Bradbury, Jeremy},
  journal={Mc G. Hill},
  year={2000}
}

@inproceedings{zarit1999comparison,
  title={Comparison of five color models in skin pixel classification},
  author={Zarit, Benjamin D and Super, Boaz J and Quek, Francis KH},
  booktitle={Recognition, Analysis, and Tracking of Faces and Gestures in Real-Time Systems, 1999. Proceedings. International Workshop on},
  pages={58--63},
  year={1999},
  organization={IEEE}
}

@article{ferrari2008monitoring,
  title={Monitoring of swarming sounds in bee hives for early detection of the swarming period},
  author={Ferrari, Sara and Silva, Mitchell and Guarino, Marcella and Berckmans, Daniel},
  journal={Computers and electronics in agriculture},
  volume={64},
  number={1},
  pages={72--77},
  year={2008},
  publisher={Elsevier}
}

@inproceedings{krizhevsky2012imagenet,
  title={Imagenet classification with deep convolutional neural networks},
  author={Krizhevsky, Alex and Sutskever, Ilya and Hinton, Geoffrey E},
  booktitle={Advances in neural information processing systems},
  pages={1097--1105},
  year={2012}
}

@article{simonyan2014very,
  title={Very deep convolutional networks for large-scale image recognition},
  author={Simonyan, Karen and Zisserman, Andrew},
  journal={arXiv preprint arXiv:1409.1556},
  year={2014}
}


@article{riesen2009approximate,
  title={Approximate graph edit distance computation by means of bipartite graph matching},
  author={Riesen, Kaspar and Bunke, Horst},
  journal={Image and Vision computing},
  volume={27},
  number={7},
  pages={950--959},
  year={2009},
  publisher={Elsevier}
}

@book{evensen2009data,
  title={Data assimilation: the ensemble Kalman filter},
  author={Evensen, Geir},
  year={2009},
  publisher={Springer Science \& Business Media}
}

@inproceedings{blickle1995mathematical,
  title={A Mathematical Analysis of Tournament Selection.},
  author={Blickle, Tobias and Thiele, Lothar},
  booktitle={ICGA},
  pages={9--16},
  year={1995},
  organization={Citeseer}
}

@article{erdos1991graphs,
  title={Graphs realizing the same degree sequences and their respective clique numbers},
  author={Erdos, P and Jacobson, MS and Lehel, J},
  journal={Graph Theory, Combinatorics and Application},
  volume={1},
  pages={439--449},
  year={1991}
}

@article{wario2017automatic,
  title={Automatic detection and decoding of honey bee waggle dances},
  author={Wario, Fernando and Wild, Benjamin and Rojas, Ra{\'u}l and Landgraf, Tim},
  journal={PloS one},
  volume={12},
  number={12},
  pages={e0188626},
  year={2017},
  publisher={Public Library of Science}
}

@article{cannon1986efficient,
  title={Efficient implementation of the fuzzy c-means clustering algorithms},
  author={Cannon, Robert L and Dave, Jitendra V and Bezdek, James C},
  journal={IEEE transactions on pattern analysis and machine intelligence},
  number={2},
  pages={248--255},
  year={1986},
  publisher={IEEE}
}

@article{bach2015pixel,
  title={On pixel-wise explanations for non-linear classifier decisions by layer-wise relevance propagation},
  author={Bach, Sebastian and Binder, Alexander and Montavon, Gr{\'e}goire and Klauschen, Frederick and M{\"u}ller, Klaus-Robert and Samek, Wojciech},
  journal={PloS one},
  volume={10},
  number={7},
  pages={e0130140},
  year={2015},
  publisher={Public Library of Science}
}

@article{othman2012wireless,
  title={Wireless sensor network applications: A study in environment monitoring system},
  author={Othman, Mohd Fauzi and Shazali, Khairunnisa},
  journal={Procedia Engineering},
  volume={41},
  pages={1204--1210},
  year={2012},
  publisher={Elsevier}
}

@article{hoo2016deep,
  title={Deep convolutional neural networks for computer-aided detection: CNN architectures, dataset characteristics and transfer learning},
  author={Hoo-Chang, Shin and Roth, Holger R and Gao, Mingchen and Lu, Le and Xu, Ziyue and Nogues, Isabella and Yao, Jianhua and Mollura, Daniel and Summers, Ronald M},
  journal={IEEE transactions on medical imaging},
  volume={35},
  number={5},
  pages={1285},
  year={2016},
  publisher={NIH Public Access}
}

@article{chiron2013detecting,
  title={Detecting and tracking honeybees in 3D at the beehive entrance using stereo vision},
  author={Chiron, Guillaume and Gomez-Kr{\"a}mer, Petra and M{\'e}nard, Michel},
  journal={EURASIP Journal on Image and Video Processing},
  volume={2013},
  number={1},
  pages={59},
  year={2013},
  publisher={Springer}
}

 @book{kale2015automated,
  title={Automated beehive surveillance using computer vision},
  author={Kale, David J and Tashakkori, Rahman and Parry, R Mitchell},
  year={2015},
  publisher={IEEE}
}


@inproceedings{duan2017bee,
  title={Bee pose estimation from single images with convolutional neural network},
  author={Duan, Le and Shen, Minmin and Gao, Wenjing and Cui, Song and Deussen, Oliver},
  booktitle={Image Processing (ICIP), 2017 IEEE International Conference on},
  pages={2836--2840},
  year={2017},
  organization={IEEE}
}


@inproceedings{rodriguezhoneybee,
  title={Honeybee Detection and Pose Estimation using Convolutional Neural Networks},
  author={Rodr{\'\i}guez, IF and Branson, K and Acu{\~n}a, E and Agosto-Rivera, JL and Giray, T and M{\'e}gret, R},
  booktitle={Technical raport},
  year={2018},
  organization={rfiap}
}


@article{campbell2008video,
  title={Video monitoring of honey bee colonies at the hive entrance},
  author={Campbell, Jason and Mummert, Lily and Sukthankar, Rahul},
  journal={Visual observation \& analysis of animal \& insect behavior, ICPR},
  volume={8},
  pages={1--4},
  year={2008}
}


@inproceedings{cejrowski2018detection,
  title={Detection of the Bee Queen Presence Using Sound Analysis},
  author={Cejrowski, Tymoteusz and Szyma{\'n}ski, Julian and Mora, Higinio and Gil, David},
  booktitle={Asian Conference on Intelligent Information and Database Systems},
  pages={297--306},
  year={2018},
  organization={Springer}
}


@article{dembski:LitSchapire97dec,
  title={A decision-theoretic generalization of on-line learning and an application to boosting},
  author={Freund, Yoav and Schapire, Robert E},
  journal={Journal of computer and system sciences},
  volume={55},
  number={1},
  pages={119--139},
  year={1997},
  publisher={Elsevier}
}


@article{dembski:LitViolaJones04,
  title={Robust real-time face detection},
  author={Viola, Paul and Jones, Michael J},
  journal={International journal of computer vision},
  volume={57},
  number={2},
  pages={137--154},
  year={2004},
  publisher={Springer}
}

@article{dembski:DembskiSmiatacz10,
       author={Dembski, Jerzy and Maciej Smiatacz},
       year={2010},
       title={Modular Machine Learning System for Training Object 			Detection Algorithms on a Supercomputer},
       journal={Advances in System Science},
       pages={353-361},
     }

@article{dembski:LitLiWang17,
  title={Deep visual tracking: Review and experimental comparison},
  author={Li, Peixia and Wang, Dong and Wang, Lijun and Lu, Huchuan},
  journal={Pattern Recognition},
  volume={76},
  pages={323--338},
  year={2018},
  publisher={Elsevier}
}


@article{dembski:Pineiro14,
 author = {Pinheiro, Pedro O. and Collobert, Ronan},
 title = {Recurrent Convolutional Neural Networks for Scene Labeling},
 booktitle = {Proceedings of the 31st International Conference on International Conference on Machine Learning - Volume 32},
 series = {ICML'14},
 year = {2014},
 location = {Beijing, China},
 pages = {I-82--I-90},
 url = {http://dl.acm.org/citation.cfm?id=3044805.3044816},
 acmid = {3044816},
 publisher = {JMLR.org},
}

@article{dembski:Pineiro15,
  author    = {Pedro H. O. Pinheiro and
               Ronan Collobert},
  title     = {From image-level to pixel-level labeling with Convolutional Networks},
  booktitle = {{IEEE} Conference on Computer Vision and Pattern Recognition, {CVPR}
               2015, Boston, MA, USA, June 7-12, 2015},
  pages     = {1713--1721},
  year      = {2015},
  crossref  = {DBLP:conf/cvpr/2015},
  url       = {https://doi.org/10.1109/CVPR.2015.7298780},
  doi       = {10.1109/CVPR.2015.7298780},
  timestamp = {Thu, 25 May 2017 01:00:00 +0200},
  biburl    = {https://dblp.org/rec/bib/conf/cvpr/PinheiroC15},
  bibsource = {dblp computer science bibliography, https://dblp.org}
}

@inproceedings{DBLP:conf/iccv/Girshick15,
  author    = {Ross B. Girshick},
  title     = {Fast {R-CNN}},
  booktitle = {2015 {IEEE} International Conference on Computer Vision, {ICCV} 2015,
               Santiago, Chile, December 7-13, 2015},
  pages     = {1440--1448},
  year      = {2015},
  crossref  = {DBLP:conf/iccv/2015},
  url       = {https://doi.org/10.1109/ICCV.2015.169},
  doi       = {10.1109/ICCV.2015.169},
  timestamp = {Wed, 24 May 2017 08:31:04 +0200},
  biburl    = {https://dblp.org/rec/bib/conf/iccv/Girshick15},
  bibsource = {dblp computer science bibliography, https://dblp.org}
}

@inproceedings{DBLP:conf/nips/RenHGS15,
  author    = {Shaoqing Ren and
               Kaiming He and
               Ross B. Girshick and
               Jian Sun},
  title     = {Faster {R-CNN:} Towards Real-Time Object Detection with Region Proposal
               Networks},
  booktitle = {Advances in Neural Information Processing Systems 28: Annual Conference
               on Neural Information Processing Systems 2015, December 7-12, 2015,
               Montreal, Quebec, Canada},
  pages     = {91--99},
  year      = {2015},
  crossref  = {DBLP:conf/nips/2015},
  url       = {http://papers.nips.cc/paper/5638-faster-r-cnn-towards-real-time-object-detection-with-region-proposal-networks},
  timestamp = {Fri, 08 Apr 2016 19:32:53 +0200},
  biburl    = {https://dblp.org/rec/bib/conf/nips/RenHGS15},
  bibsource = {dblp computer science bibliography, https://dblp.org}
}

@article{dembski:DembskiRuminski17,
  author    = {Jerzy Dembski and
               Jacek Ruminski},
  title     = {Playback detection using machine learning with spectrogram features
               approach},
  booktitle = {10th International Conference on Human System Interactions, {HSI}
               2017, Ulsan, South Korea, July 17-19, 2017},
  pages     = {31--35},
  year      = {2017},
  crossref  = {DBLP:conf/hsi/2017},
  url       = {https://doi.org/10.1109/HSI.2017.8004991},
  doi       = {10.1109/HSI.2017.8004991},
  timestamp = {Tue, 08 May 2018 08:40:17 +0200},
  biburl    = {https://dblp.org/rec/bib/conf/hsi/DembskiR17},
  bibsource = {dblp computer science bibliography, https://dblp.org}
}

@book{dembski:LitGoldberg,
 author = {David Goldberg},
 title = {Genetic Algorithms in Search, Optimization and Machine Learning},
 year = {1989},
 publisher = {Addison-Wesley Inc.},
 address = {},
 }

 @inproceedings{zacepins2012application,
  title={Application of information technologies in precision apiculture},
  author={Zacepins, A and Stalidzans, E and Meitalovs, J},
  booktitle={Proceedings of the 13th International Conference on Precision Agriculture (ICPA 2012)},
  year={2012}
}

@article{tu2016automatic,
  title={Automatic behaviour analysis system for honeybees using computer vision},
  author={Tu, Gang Jun and Hansen, Mikkel Kragh and Kryger, Per and Ahrendt, Peter},
  journal={Computers and Electronics in Agriculture},
  volume={122},
  pages={10--18},
  year={2016},
  publisher={Elsevier}
}

 @article{chen2012imaging,
  title={An imaging system for monitoring the in-and-out activity of honey bees},
  author={Chen, Chiu and Yang, En-Cheng and Jiang, Joe-Air and Lin, Ta-Te},
  journal={Computers and electronics in agriculture},
  volume={89},
  pages={100--109},
  year={2012},
  publisher={Elsevier}
}

 @article{streit2003automatic,
  title={Automatic life-long monitoring of individual insect behaviour now possible},
  author={Streit, Sebastian and Bock, Fiola and Pirk, Christian WW and Tautz, J{\"u}rgen},
  journal={Zoology},
  volume={106},
  number={3},
  pages={169--171},
  year={2003},
  publisher={Urban \& Fischer}
}


@misc{spacymodel,
  author = {spaCy},
  title = {https://spacy.io/models/en},
  year = {2016},
  url = {https://spacy.io/models/en#section-en_vectors_web_lg}
}

